2258 3480
794 304 1132 375 Colloqzcz'mn
1179 295 1503 351 Secundum.
1955 296 1992 349 9

700 577 1168 642 COLLOQUIUM
1217 566 1619 622 SECUNDUM.

573 741 619 774 J.
643 739 811 770 Lesson
835 733 891 770 V}
923 730 972 762 L.
997 728 1165 759 Lesson
1188 722 1262 759 VI,
1291 716 1444 760 (LV1);
1477 715 1522 747 C.
1541 713 1576 746 sc
1594 713 1647 744 D.
1672 709 1744 743 51.

815 846 1143 906 Dominusl
1183 853 1243 896 et
1283 849 1517 893 Servus.

534 977 651 1011 halloa

411 1028 469 1075 D.
522 1025 678 1077 Hem,
707 1030 841 1064 serve
866 1016 874 1060 1
911 1009 1012 1060 Ubi
1039 1020 1191 1067 equus
1218 996 1383 1049 meus2
1409 996 1517 1044 est?

405 1136 451 1183 S.
504 1134 560 1178 In
587 1132 718 1189 agro,
747 1122 962 1177 domine,
990 1131 1144 1178 equus
1171 1121 1259 1160 est.

530 1199 557 1230 is
576 1199 671 1229 there

405 1243 475 1291 D.
526 1234 706 1286 Estne³
730 1235 780 1281 in
807 1234 922 1292 agro
948 1226 1094 1287 copia
1119 1220 1382 1270 frfiiiienti?

407 1353 457 1400 S.
508 1344 668 1406 Sane?
693 1353 742 1391 et
767 1341 912 1403 copia
937 1350 1092 1398 aquae
1120 1340 1208 1380 est.

865 1417 981 1452 which

409 1477 482 1524 D.
531 1474 683 1520 Estne
709 1481 837 1528 aqua
861 1477 986 1524 quae
1014 1460 1063 1506 in
1088 1460 1205 1519 agro
1231 1461 1319 1511 est,
1345 1445 1537 1499 bona5?

1186 1534 1263 1567 cold

414 1600 465 1647 S.
514 1599 658 1657 Aqua
681 1596 782 1653 agri
805 1590 938 1637 bona
963 1592 1036 1632 est
1061 1590 1110 1629 et
1136 1577 1324 1642 frigida.

416 1710 488 1758 D.
535 1703 685 1755 Unde
712 1715 840 1762 aqua
865 1697 972 1744 est?

822 1778 829 1784 ·
1030 1771 1147 1804 which

804 1789 895 1811 rrrrrr

421 1834 473 1881 S.
521 1832 664 1890 Aqua
689 1841 750 1872 ex
775 1823 920 1870 fluvio
947 1826 1021 1865 est
1046 1820 1128 1876 qui
1153 1828 1241 1875 per
1265 1824 1435 1872 agrum
1461 1800 1601 1853 fluit.⁶

423 1944 495 1991 D.
544 1932 781 1987 Amatne⁷
809 1945 961 1992 equus
989 1926 1188 1974 fluvium
1214 1927 1298 1983 qui
1322 1934 1410 1981 per
1435 1930 1604 1978 agrum
1630 1911 1768 1959 fluit?

714 2013 799 2047 both
1215 2001 1284 2034 and

428 2067 479 2115 S.
529 2065 699 2124 Equus
736 2067 785 2106 et
822 2053 1020 2104 fluvium
1057 2055 1190 2097 amat
1226 2053 1275 2093 et
1311 2043 1450 2091 silvas
1487 2052 1612 2100 quae
1639 2036 1689 2082 in
1713 2038 1825 2095 ripis
1851 2025 1996 2078 sunt.⁸

797 2269 1011 2312 NOTES
1051 2266 1185 2304 AND
1228 2255 1615 2303 QUESTIONS.

443 2410 481 2441 1.
531 2394 604 2453 Cf.
630 2393 749 2448 Eng.
773 2387 1019 2431 domz'neer.
1087 2380 1170 2422 Let
1193 2375 1284 2420 this
1307 2372 1397 2416 and
1423 2370 1498 2414 the
1522 2363 1799 2412 connection
1831 2360 1933 2419 give
1960 2371 2047 2416 you

371 2472 448 2517 the
473 2466 704 2521 meaning.

442 2557 484 2587 2.
531 2542 620 2584 For
643 2533 871 2589 meaning,
895 2530 954 2588 cf.
980 2540 1096 2570 mea
1119 2524 1164 2566 in
1187 2522 1264 2566 the
1287 2521 1383 2563 first
1406 2514 1622 2560 exercise.

444 2631 487 2673 3.
532 2616 603 2656 To
626 2611 747 2653 what
769 2604 893 2648 word
918 2603 964 2644 in
988 2615 1014 2643 a
1036 2605 1252 2642 sentence
1279 2593 1391 2636 does
1414 2603 1478 2631 ne
1504 2585 1677 2642 usually
1700 2581 1853 2626 attach
1877 2576 2034 2623 itself?

444 2703 489 2744 4.
534 2688 624 2730 For
648 2680 864 2736 meaning
886 2690 961 2719 see
986 2676 1071 2717 Ex.
1103 2684 1139 2721 1,
1167 2685 1211 2711 n.
1237 2682 1280 2725 9.

451 2775 491 2820 5.
534 2765 677 2803 bona
711 2758 749 2800 is
787 2770 813 2798 a
847 2751 1077 2810 predicate
1112 2744 1334 2802 adjective
1368 2736 1623 2794 modifying
1646 2746 1796 2786 aqua.
1863 2730 1907 2771 Is
1931 2726 2057 2769 there

380 2836 605 2894 anything
630 2832 771 2876 about
794 2828 870 2872 the
894 2826 1006 2869 form
1032 2821 1084 2866 of
1098 2824 1240 2862 bona
1262 2814 1409 2859 which
1434 2809 1585 2856 would
1607 2806 1738 2851 make
1759 2816 1848 2862 you
1873 2799 2004 2844 think
2026 2797 2059 2841 it

382 2923 495 2969 goes
518 2906 627 2950 with
652 2915 787 2957 aqua
810 2898 961 2943 rather
986 2895 1096 2939 than
1118 2891 1227 2936 with
1252 2886 1404 2941 agro?
